@article{Pazos2001,
	author = {Pazos, Florencio and Valencia, Alfonso}, 
	title = {Similarity of phylogenetic trees as indicator of protein–protein interaction},
	volume = {14}, 
	number = {9}, 
	pages = {609-614}, 
	year = {2001}, 
	doi = {10.1093/protein/14.9.609}, 
	URL = {http://peds.oxfordjournals.org/content/14/9/609.abstract}, 
	eprint = {http://peds.oxfordjournals.org/content/14/9/609.full.pdf+html}, 
	journal = {Protein Engineering} 
}

@article{intact,
  added-at = {2012-04-16T00:00:00.000+0200},
  author = {Hermjakob, Henning and Montecchi-Palazzi, Luisa and Lewington, Chris and Mudali, Sugath and 			Kerrien, Samuel and Orchard, Sandra E. and Vingron, Martin and Roechert, Bernd and Roepstorff, Peter and 		Valencia, Alfonso and Margalit, Hanah and Armstrong, John and Bairoch, Amos and Cesareni, Gianni and 			Sherman, David James and Apweiler, Rolf},
  biburl = {http://www.bibsonomy.org/bibtex/293cc0e1a9cc456b818cae4db77734463/dblp},
  ee = {http://dx.doi.org/10.1093/nar/gkh052},
  interhash = {6c1e83df5eae8ba1a29748f38d8d17e4},
  intrahash = {93cc0e1a9cc456b818cae4db77734463},
  journal = {Nucleic Acids Research},
  keywords = {dblp},
  number = {Database-Issue},
  pages = {452-455},
  timestamp = {2012-04-17T12:11:19.000+0200},
  title = {IntAct: an open source molecular interaction database.},
  url = {http://dblp.uni-trier.de/db/journals/nar/nar32.html#HermjakobMLMKOVRRVMABCSA04},
  volume = 32,
  year = 2004
}

@article{negatome,
  title={The Negatome database: a reference set of non-interacting protein pairs},
  author={Smialowski, Pawel and Pagel, Philipp and Wong, Philip and Brauner, Barbara and Dunger, Irmtraud and 	Fobo, Gisela and Frishman, Goar and Montrone, Corinna and Rattei, Thomas and Frishman, Dmitrij and 			others},
  journal={Nucleic acids research},
  volume={38},
  number={suppl 1},
  pages={D540--D544},
  year={2010},
  publisher={Oxford Univ Press}
}

@article{BLAST,
	title = {Basic local alignment search tool},
	journal = {Journal of Molecular Biology},
	volume = {215},
	number = {3},
	pages = {403 - 410},
	year = {1990},
	note = {},
	issn = {0022-2836},
	doi = {http://dx.doi.org/10.1016/S0022-2836(05)80360-2},
	url = {http://www.sciencedirect.com/science/article/pii/S0022283605803602},
	author = {Stephen F. Altschul and Warren Gish and Webb Miller and Eugene W. Myers and David J. Lipman}
}

@article{HMMER,
    author = {Johnson, L. Steven and Eddy, Sean R. and Portugaly, Elon},
    doi = {10.1186/1471-2105-11-431},
    issn = {1471-2105},
    journal = {BMC bioinformatics},
    keywords = {bioinformatics, class, prediction, protein},
    number = {1},
    pages = {431+},
    pmcid = {PMC2931519},
    pmid = {20718988},
    posted-at = {2011-04-25 22:16:46},
    priority = {2},
    title = {{Hidden Markov model speed heuristic and iterative HMM search procedure.}},
    url = {http://dx.doi.org/10.1186/1471-2105-11-431},
    volume = {11},
    year = {2010}
}

@article{Zhou13,
    author = {Zhou, Hua AND Jakobsson, Eric},
    journal = {PLoS ONE},
    publisher = {Public Library of Science},
    title = {Predicting Protein-Protein Interaction by the Mirrortree Method: Possibilities and Limitations},
    year = {2013},
    month = {12},
    volume = {8},
    url = {http://dx.doi.org/10.1371%2Fjournal.pone.0081100},
    pages = {1-9},
    number = {12},
    doi = {10.1371/journal.pone.0081100}
}

@article{SILVA,
	author = {Quast, Christian and Pruesse, Elmar and Yilmaz, Pelin and Gerken, Jan and Schweer, Timmy and 		Yarza, Pablo and Peplies, Jörg and Glöckner, Frank Oliver}, 
	title = {The SILVA ribosomal RNA gene database project: improved data processing and web-based tools},
	volume = {41}, 
	number = {D1}, 
	pages = {D590-D596}, 
	year = {2013}, 
	doi = {10.1093/nar/gks1219}, 
	URL = {http://nar.oxfordjournals.org/content/41/D1/D590.abstract}, 
	eprint = {http://nar.oxfordjournals.org/content/41/D1/D590.full.pdf+html}, 
	journal = {Nucleic Acids Research} 
}

@article{Sato2005,
	author = {Sato, Tetsuya and Yamanishi, Yoshihiro and Kanehisa, Minoru and Toh, Hiroyuki}, 
	title = {The inference of protein–protein interactions by co-evolutionary analysis is improved by 			excluding the information about the phylogenetic relationships},
	volume = {21}, 
	number = {17}, 
	pages = {3482-3489}, 
	year = {2005}, 
	doi = {10.1093/bioinformatics/bti564}, 
	URL = {http://bioinformatics.oxfordjournals.org/content/21/17/3482.abstract}, 
	eprint = {http://bioinformatics.oxfordjournals.org/content/21/17/3482.full.pdf+html}, 
	journal = {Bioinformatics} 
}